@comment{x-kbibtex-personnameformatting=<%l><, %f>}

% This file was created with JabRef 2.10.
% Encoding: UTF-8

@inproceedings{06AP_selection,
	author = "Abusubaih, M. and Gross, J. and Wiethoelter, S. and Wolisz, A.",
	booktitle = "{Proceedings. 2006 31st IEEE Conference on Local Computer Networks}",
	month = "Nov",
	pages = "879--886",
	title = "{On Access Point Selection in IEEE 802.11 Wireless Local Area Networks}",
	year = "2006"
}

@article{08new_AP_selection,
	author = "Abusubaih, Murad and Wiethoelter, Sven and Gross, James and Wolisz, Adam",
	journal = "International Journal of Parallel, Emergent and Distributed Systems",
	number = "4",
	pages = "291--307",
	title = "{A new access point selection policy for multi-rate IEEE 802.11 WLANs}",
	volume = "23",
	year = "2008"
}

@inproceedings{08interference_aware_decentralised_AP_selection,
	author = "Abusubaih, M. and Wolisz, A.",
	booktitle = "{2008 IEEE 19th International Symposium on Personal, Indoor and Mobile Radio Communications}",
	month = "Sept",
	pages = "1--6",
	title = "{Interference-aware decentralized access point selection policy for multi-rate IEEE 802.11 Wireless LANs}",
	year = "2008"
}

@inproceedings{07optimal_association_MSWIM,
	author = "Abusubaih, Murad and Wolisz, Adam",
	booktitle = "{Proceedings of the 10th ACM Symposium on Modeling, Analysis, and Simulation of Wireless and Mobile Systems}",
	numpages = "7",
	pages = "117--123",
	publisher = "ACM",
	series = "{MSWiM '07}",
	title = "{An Optimal Station Association Policy for Multi-rate Ieee 802.11 Wireless Lans}",
	year = "2007"
}

@inproceedings{05optimal_AP_selection,
	author = "Akl, Robert and Park, Sangtae",
	booktitle = "{Proceedings of 9th World Multiconference on Systemics, Cybernetics and Informatics (WMSCI 2005): Communication and Network Systems, Technologies and Applications}",
	pages = "75--79",
	title = "{Optimal access point selection and traffic allocation in IEEE 802.11 networks}",
	volume = "8",
	year = "2005"
}

@article{16Hotspot2.0_wifiAlliance,
	author = "ALLIANCE, WIFI",
	journal = "WIFI Alliance",
	month = dec,
	title = "{Wi-Fi CERTIFIED Passpoint (Release 2) Deployment Guidelines Rev 1.1}",
	year = "2016"
}

@inproceedings{16AP_association_optimisation_fairness,
	acmid = "2989153",
	author = "AMER, Mohammed and Busson, Anthony and {Gu{\'e}rin Lassous}, Isabelle",
	booktitle = "{Proceedings of the 19th ACM International Conference on Modeling, Analysis and Simulation of Wireless and Mobile Systems}",
	pages = "119--126",
	publisher = "ACM",
	series = "{MSWiM '16}",
	title = "{Association Optimization in Wi-Fi Networks: Use of an Access-based Fairness}",
	year = "2016"
}

@inproceedings{07adjacent_channel_interefrence_multi_radio,
	author = "Angelakis, Vangelis and Traganitis, Apostolos and Siris, Vasilios",
	title = "{Adjacent channel interference in a multi-radio wireless mesh node with 802.11 a/g interfaces}",
	year = "2007"
}

@article{13cross_layer_AP_selection_distributed,
	author = "Antonopoulos, Angelos and Alonso-Z{\'a}rate, Jes{\'u}s and Kartsakli, Elli and Alonso, Luis and Verikoukis, Ch",
	journal = "Telecommunication Systems",
	number = "3",
	pages = "329--342",
	publisher = "Springer",
	title = "{Cross layer access point selection mechanisms for a distributed queuing MAC protocol}",
	volume = "53",
	year = "2013"
}

@article{15optimisingAP_association_Mili_wave,
	author = "Athanasiou, G. and Weeraddana, P. C. and Fischione, C. and Tassiulas, L.",
	journal = "IEEE/ACM Transactions on Networking",
	month = "June",
	number = "3",
	pages = "836--850",
	title = "{Optimizing Client Association for Load Balancing and Fairness in Millimeter-Wave Wireless Networks}",
	volume = "23",
	year = "2015"
}

@article{13optimising_association_miliwave,
	author = "Athanasiou, George and Weeraddana, Pradeep Chathuranga and Fischione, Carlo and Tassiulas, Leandros",
	journal = "CoRR",
	title = "{Optimizing Client Association in 60 GHz Wireless Access Networks}",
	volume = "abs/1301.2723",
	year = "2013"
}

@inproceedings{05performance_time_throughput_fairness,
	author = "Babu, AV and Jacob, Lillykutty",
	booktitle = "{Wireless Networks, Communications and Mobile Computing, 2005 International Conference on}",
	organization = "IEEE",
	pages = "203--208",
	title = "{Performance analysis of IEEE 802.11 multirate WLANs: time based fairness vs throughput based fairness}",
	volume = "1",
	year = "2005"
}

@article{07Cell_Breathing,
	author = "Bahl, P. and Hajiaghayi, M. T. and Jain, K. and Mirrokni, S. V. and Qiu, L. and Saberi, A.",
	journal = "IEEE Transactions on Mobile Computing",
	month = "Feb",
	number = "2",
	pages = "164--178",
	title = "{Cell Breathing in Wireless LANs: Algorithms and Evaluation}",
	volume = "6",
	year = "2007"
}

@article{15channel_selection_dynamics_dense_wifi,
	author = "Baid, A. and Raychaudhuri, D.",
	journal = "IEEE Communications Magazine",
	month = "January",
	number = "1",
	pages = "110--117",
	title = "{Understanding channel selection dynamics in dense Wi-Fi networks}",
	volume = "53",
	year = "2015"
}

@inproceedings{12Network_cooperation_AP_association,
	author = "Baid, A. and Schapira, M. and Seskar, I. and Rexford, J. and Raychaudhuri, D.",
	booktitle = "{2012 10th International Symposium on Modeling and Optimization in Mobile, Ad Hoc and Wireless Networks (WiOpt)}",
	month = "May",
	pages = "431--436",
	title = "{Network cooperation for client-ap association optimization}",
	year = "2012"
}

@inproceedings{02congestion_relief_public,
	author = "Balachandran, A. and Bahl, P. and Voelker, G. M.",
	booktitle = "{Proceedings Fourth IEEE Workshop on Mobile Computing Systems and Applications}",
	pages = "70--80",
	title = "{Hot-spot congestion relief in public-area wireless networks}",
	year = "2002"
}

@article{07proportional_fairness_throughput,
	author = "Banchs, Albert and Serrano, Pablo and Oliver, Huw",
	journal = "Wireless Networks",
	number = "5",
	pages = "649--662",
	title = "{Proportional fair throughput allocation in multirate IEEE 802.11e wireless LANs}",
	volume = "13",
	year = "2007"
}

@article{06MIFI_fairness_multipel_AP,
	author = "Bejerano, Y. and Bhatia, R. S.",
	journal = "IEEE/ACM Transactions on Networking",
	month = "Aug",
	number = "4",
	pages = "849--862",
	title = "{MiFi: a framework for fairness and QoS assurance for current IEEE 802.11 networks with multiple access points}",
	volume = "14",
	year = "2006"
}

@article{07fairness_load_balancing_LAN,
	author = "Bejerano, Y. and Han, S. J. and Li, L.",
	journal = "IEEE/ACM Transactions on Networking",
	month = "June",
	number = "3",
	pages = "560--573",
	title = "{Fairness and Load Balancing in Wireless LANs Using Association Control}",
	volume = "15",
	year = "2007"
}

@article{09Cell_breathing_Load_balancing_WLAN,
	author = "Bejerano, Yigal and Han, Seung-Jae",
	issue_date = "June 2009",
	journal = "IEEE Transactions on Mobile Computing",
	month = jun,
	number = "6",
	pages = "735--749",
	title = "{Cell Breathing Techniques for Load Balancing in Wireless LANs}",
	volume = "8",
	year = "2009"
}

@inproceedings{04Fairness_load_balancing_WLAN,
	author = "Bejerano, Yigal and Han, Seung-Jae and Li, Li (Erran)",
	booktitle = "{Proceedings of the 10th Annual International Conference on Mobile Computing and Networking}",
	pages = "315--329",
	publisher = "ACM",
	series = "{MobiCom '04}",
	title = "{Fairness and Load Balancing in Wireless LANs Using Association Control}",
	year = "2004"
}

@inproceedings{11Multichannel_AP_seamless_handoff,
	author = "Berezin, M. E. and Rousseau, F. and Duda, A.",
	booktitle = "{2011 IEEE 73rd Vehicular Technology Conference (VTC Spring)}",
	month = "May",
	pages = "1--5",
	title = "{Multichannel Virtual Access Points for Seamless Handoffs in IEEE 802.11 Wireless Networks}",
	year = "2011"
}

@inproceedings{10splitAP_flexible_sharing,
	author = "Bhanage, G. and Vete, D. and Seskar, I. and Raychaudhuri, D.",
	booktitle = "{2010 IEEE Global Telecommunications Conference GLOBECOM 2010}",
	month = "Dec",
	pages = "1--6",
	title = "{SplitAP: Leveraging Wireless Network Virtualization for Flexible Sharing of WLANs}",
	year = "2010"
}

@inproceedings{14interference_fairness_infocom,
	author = "Blough, D. M. and Resta, G. and Santi, P.",
	booktitle = "{IEEE INFOCOM 2014 - IEEE Conference on Computer Communications}",
	month = "April",
	pages = "2733--2741",
	title = "{Interference-aware proportional fairness for multi-rate wireless networks}",
	year = "2014"
}

@inproceedings{12neural_network_congetive_AP_selection,
	author = "Bojovic, B. and Baldo, N. and Dini, P.",
	booktitle = "{2012 IEEE Consumer Communications and Networking Conference (CCNC)}",
	month = "Jan",
	pages = "864--868",
	title = "{A Neural Network based cognitive engine for IEEE 802.11 WLAN Access Point selection}",
	year = "2012"
}

@inproceedings{11supervised_learning_congnetive_AP_selection,
	author = "Bojovic, Biljana and Baldo, Nicola and Nin-Guerrero, Jaume and Dini, Paolo",
	booktitle = "{GLOBECOM Workshops (GC Wkshps), 2011 IEEE}",
	organization = "IEEE",
	pages = "1100--1105",
	title = "{A supervised learning approach to cognitive access point selection}",
	year = "2011"
}

@inproceedings{06proportional_fairness_3G_networks,
	author = "Bu, T. and Li, L. and Ramjee, R.",
	booktitle = "{Proceedings IEEE INFOCOM 2006. 25TH IEEE International Conference on Computer Communications}",
	month = "April",
	pages = "1--12",
	title = "{Generalized Proportional Fair Scheduling in Third Generation Wireless Data Networks}",
	year = "2006"
}

@article{13proportional_fairness_channel_access,
	author = "Chakraborty, Sandip and Swain, Pravati and Nandi, Sukumar",
	journal = "Ad Hoc Networks",
	number = "1",
	pages = "570--584",
	title = "{Proportional fairness in MAC layer channel access of IEEE 802.11s EDCA based wireless mesh networks}",
	volume = "11",
	year = "2013"
}

@article{14design_AP_ahndoff_WLAN,
	author = "Chan, Yi-Cheng and Lin, Dai-Jiong",
	journal = "International Journal of e-Education, e-Business, e-Management and e-Learning",
	number = "1",
	pages = "72",
	publisher = "IACSIT Press",
	title = "{The design of an ap-based handoff scheme for ieee 802.11 wlans}",
	volume = "4",
	year = "2014"
}

@inproceedings{04MultiNet,
	author = "Chandra, R. and Bahl, P. and Bahl, P.",
	booktitle = "{IEEE INFOCOM 2004}",
	month = "March",
	pages = "882--893 vol.2",
	title = "{MultiNet: connecting to multiple IEEE 802.11 networks using a single wireless card}",
	volume = "2",
	year = "2004"
}

@article{11Rigourous_proportional_fairness,
	author = "Checco, A. and Leith, D. J.",
	journal = "IEEE Communications Letters",
	month = "August",
	number = "8",
	pages = "807--809",
	title = "{Proportional Fairness in 802.11 Wireless LANs}",
	volume = "15",
	year = "2011"
}

@inproceedings{06effective_AP_selection_load_balancing,
	author = "Chen, J. C. and Chen, T. C. and Zhang, T. and van den Berg, E.",
	booktitle = "{IEEE Globecom 2006}",
	month = "Nov",
	pages = "1--6",
	title = "{WLC19-4: Effective AP Selection and Load Balancing in IEEE 802.11 Wireless LANs}",
	year = "2006"
}

@inproceedings{10distributed_AP_selection_no_regret,
	author = "Chen, L.",
	booktitle = "{2010 IEEE 71st Vehicular Technology Conference}",
	month = "May",
	pages = "1--5",
	title = "{A Distributed Access Point Selection Algorithm Based on No-Regret Learning for Wireless Access Networks}",
	year = "2010"
}

@article{13AP_selection_qos_requirement_variable_channel,
	author = "Chen, X. and Yuan, W. and Cheng, W. and Liu, W. and Leung, H.",
	journal = "IEEE Wireless Communications Letters",
	month = "February",
	number = "1",
	pages = "114--117",
	title = "{Access Point Selection under QoS Requirements in Variable Channel-Width WLANs}",
	volume = "2",
	year = "2013"
}

@inproceedings{12SAP,
	author = "Chen, X. and Zhao, Yue and Peck, B. and Qiao, D.",
	booktitle = "{2012 Proceedings IEEE INFOCOM}",
	month = "March",
	pages = "1458--1466",
	title = "{SAP: Smart Access Point with seamless load balancing multiple interfaces}",
	year = "2012"
}

@inproceedings{14strategy_diffrentiated_AP_selection_application,
	author = "Chen, Z. and Xiong, Q. and Liu, Y. and Huang, C.",
	booktitle = "{2014 IEEE Conference on Computer Communications Workshops (INFOCOM WKSHPS)}",
	month = "April",
	pages = "317--322",
	title = "{A strategy for differentiated access service selection based on application in WLANs}",
	year = "2014"
}

@inproceedings{12FLASHBACK,
	author = "Cidon, Asaf and Nagaraj, Kanthi and Katti, Sachin and Viswanath, Pramod",
	booktitle = "{Proceedings of the ACM SIGCOMM 2012 Conference on Applications, Technologies, Architectures, and Protocols for Computer Communication}",
	pages = "223--234",
	publisher = "ACM",
	series = "{SIGCOMM '12}",
	title = "{Flashback: Decoupled Lightweight Wireless Control}",
	year = "2012"
}

@article{15fuzzy_load_balancing_802.11,
	author = "Collotta, Mario",
	journal = "Journal of Network and Computer Applications",
	pages = "183--192",
	title = "{FLBA: A fuzzy algorithm for load balancing in \{IEEE\} 802.11 networks}",
	volume = "53",
	year = "2015"
}

@inproceedings{10dynamic_load_balancing_industrial,
	author = "Collotta, Mario and Bello, Lucia Lo and Toscano, Emanuele and Mirabella, Orazio",
	booktitle = "{IECON 2010-36th Annual Conference on IEEE Industrial Electronics Society}",
	organization = "IEEE",
	pages = "1329--1334",
	title = "{Dynamic load balancing techniques for flexible wireless industrial networks}",
	year = "2010"
}

@article{12smart_association_maw_flow,
	author = "Dandapat, S. K. and Mitra, B. and Choudhury, R. R. and Ganguly, N.",
	journal = "IEEE Transactions on Network and Service Management",
	month = "March",
	number = "1",
	pages = "73--86",
	title = "{Smart Association Control in Wireless Mobile Environment Using Max-Flow}",
	volume = "9",
	year = "2012"
}

@inproceedings{15upstream_schedule_wifi,
	author = "Daneels, G. and Famaey, J. and Bohez, S. and Simoens, P. and Latre, S.",
	booktitle = "{2015 IEEE Globecom Workshops (GC Wkshps)}",
	month = "Dec",
	pages = "1--7",
	title = "{Upstream Content Scheduling in Wi-Fi DenseNets during Large-Scale Events}",
	year = "2015"
}

@inproceedings{14Gap_free_load_balancing_cell_breathing,
	author = "Demırcı, İ. and Kor\c{c}ak, {\"O}.",
	booktitle = "{2014 IEEE International Conference on Advanced Networks and Telecommuncations Systems (ANTS)}",
	month = "Dec",
	pages = "1--6",
	title = "{Gap-free load balancing algorithms in wireless LANs using cell breathing technique}",
	year = "2014"
}

@inproceedings{08power_control_fairness_optimisation,
	author = "Douros, V. G. and Frangoudis, P. A. and Katsaros, K. and Polyzos, G. C.",
	booktitle = "{2008 Panhellenic Conference on Informatics}",
	month = "Aug",
	pages = "239--243",
	title = "{Power Control in WLANs for Optimization of Social Fairness}",
	year = "2008"
}

@inproceedings{07AP_selection_large_scale_WLAN,
	author = "Du, L. and Bai, Y. and Chen, L.",
	booktitle = "{2007 IEEE Wireless Communications and Networking Conference}",
	month = "March",
	pages = "2161--2166",
	title = "{Access Point Selection Strategy for Large-Scale Wireless Local Area Networks}",
	year = "2007"
}

@inproceedings{08QOS_AP_selection_pre_load_balancing,
	author = "Du, L. and Jeong, M. R. and Yamada, A. and Bai, Y. and Chen, L.",
	booktitle = "{2008 IEEE Wireless Communications and Networking Conference}",
	month = "March",
	pages = "1634--1638",
	title = "{QoS Aware Access Point Selection for Pre-Load-Balancing in Multi-BSSs WLAN}",
	year = "2008"
}

@article{08association_game,
	author = "Ercetin, Ozgur",
	journal = "IEEE Transactions on Wireless Communications",
	month = "December",
	number = "12",
	pages = "5136--5143",
	title = "{Association games in IEEE 802.11 wireless local area networks}",
	volume = "7",
	year = "2008"
}

@inproceedings{14utility_based_AP_selection_QOE,
	author = "Ernst, J. B. and Kremer, S. and Rodrigues, J. J. P. C.",
	booktitle = "{2014 IEEE International Conference on Communications (ICC)}",
	month = "June",
	pages = "2363--2368",
	title = "{A utility based access point selection method for IEEE 802.11 wireless networks with enhanced quality of experience}",
	year = "2014"
}

@inproceedings{15WI_FM,
	author = "Flores, M. and Klarman, U. and Kuzmanovic, A.",
	booktitle = "{2015 IEEE 23rd International Conference on Network Protocols (ICNP)}",
	month = "Nov",
	pages = "43--53",
	title = "{Wi-FM: Resolving Neighborhood Wireless Network Affairs by Listening to Music}",
	year = "2015"
}

@inproceedings{07AP_selection_maximising_throughput,
	author = "Fujiwara, Akihiro and Sagara, Yasuhiro and Nakamura, Masahiko",
	booktitle = "{2007 International Conference on Parallel and Distributed Systems}",
	month = "Dec",
	pages = "1--8",
	title = "{Access point selection algorithms for maximizing throughputs in wireless LAN environment}",
	volume = "2",
	year = "2007"
}

@inproceedings{04decentralised_AP_selection_architecture,
	author = "Fukuda, Y. and Abe, T. and Oie, Y.",
	booktitle = "{2004 Symposium on Wireless Telecommunications}",
	month = "May",
	pages = "137--145",
	title = "{Decentralized access point selection architecture for wireless LANs}",
	year = "2004"
}

@article{09client_driven_load_balancing,
	author = "Garcia, Eduard and Ferrer, Josep L. and Lopez-Aguilera, Elena and Vidal, Rafael and Paradells, Josep",
	journal = "European Transactions on Telecommunications",
	number = "5",
	pages = "494--507",
	publisher = "John Wiley \& Sons, Ltd.",
	title = "{Client-driven load balancing through association control in IEEE 802.11 WLANs}",
	volume = "20",
	year = "2009"
}

@inproceedings{08cooperative_load_balancing_cell_breating,
	author = "Garcia, E. and Vidal, R. and Paradells, J.",
	booktitle = "{2008 IEEE Symposium on Computers and Communications}",
	month = "July",
	pages = "1133--1140",
	title = "{Cooperative load balancing in IEEE 802.11 networks with cell breathing}",
	year = "2008"
}

@article{13Green_AP_association,
	author = "Ge, Wendong and Chen, Shanzhi and Ji, Hong and Li, Xi and Leung, Victor C.",
	issue_date = "August 2013",
	journal = "Mob. Netw. Appl.",
	month = aug,
	number = "4",
	pages = "553--566",
	publisher = "Springer-Verlag New York, Inc.",
	title = "{Green Access Point Selection for Wireless Local Area Networks Enhanced by Cognitive Radio}",
	volume = "18",
	year = "2013"
}

@inproceedings{11AP_selection_congentive_radio,
	author = "Ge, W. and Ji, H. and Leung, V. C. M. and Si, P.",
	booktitle = "{2011 IEEE International Conference on Communications (ICC)}",
	month = "June",
	pages = "1--5",
	title = "{Access Point Selection for WLANs with Cognitive Radio: A Restless Bandit Approach}",
	year = "2011"
}

@article{15cooeperativeRRM_cloud_radio_networks,
	author = "Gerasimenko, M. and Moltchanov, D. and Florea, R. and Andreev, S. and Koucheryavy, Y. and Himayat, N. and Yeh, S. P. and Talwar, S.",
	journal = "IEEE Access",
	pages = "397--406",
	title = "{Cooperative Radio Resource Management in Heterogeneous Cloud Radio Access Networks}",
	volume = "3",
	year = "2015"
}

@inproceedings{09method_AP_selection,
	author = "Ghazisaeedi, E. and Zokaei, S.",
	booktitle = "{2009 First International Conference on Networked Digital Technologies}",
	month = "July",
	pages = "447--451",
	title = "{A method for access point selection in 802.11 networks}",
	year = "2009"
}

@article{09traffic_balancing_dynamic_AP_selection,
	author = "Ghazisaeedi, Ebrahim and Zokaei, Saadan",
	journal = "IJWA",
	number = "3",
	pages = "157--164",
	title = "{Traffic Balancing with Dynamic Access Point Selection in WLANs.}",
	volume = "1",
	year = "2009"
}

@inproceedings{10fair_backhaul_aggregation,
	author = "Giustiniano, Domenico and Goma, Eduard and {Lopez Toledo}, Alberto and Dangerfield, Ian and Morillo, Julian and Rodriguez, Pablo",
	booktitle = "{Proceedings of the Sixteenth Annual International Conference on Mobile Computing and Networking}",
	pages = "269--280",
	publisher = "ACM",
	series = "{MobiCom '10}",
	title = "{Fair WLAN Backhaul Aggregation}",
	year = "2010"
}

@inproceedings{13SmartAP,
	author = "Goma, E. and Giustiniano, D.",
	booktitle = "{2013 IFIP Wireless Days (WD)}",
	month = "Nov",
	pages = "1--7",
	title = "{SmartAP: Practical WLAN backhaul aggregation}",
	year = "2013"
}

@article{14online_AP_association_80211n,
	author = "Gong, D. and Yang, Y.",
	journal = "IEEE Transactions on Computers",
	month = "Nov",
	number = "11",
	pages = "2772--2786",
	title = "{On-Line AP Association Algorithms for 802.11n WLANs with Heterogeneous Clients}",
	volume = "63",
	year = "2014"
}

@inproceedings{12AP_association_80211n,
	author = "Gong, Dawei and Yang, Yuanyuan",
	booktitle = "{2012 Proceedings IEEE INFOCOM}",
	month = "March",
	pages = "1440--1448",
	title = "{AP association in 802.11n WLANs with heterogeneous clients}",
	year = "2012"
}

@article{08dynamic_load_balance_mobile_users,
	author = "Gong, Huazhi and Kim, JongWon",
	journal = "IEEE Transactions on Consumer Electronics",
	month = "May",
	number = "2",
	pages = "342--348",
	title = "{Dynamic load balancing through association control of mobile users in WiFi networks}",
	volume = "54",
	year = "2008"
}

@article{15SDN_scenarios_standard,
	author = "Granelli, F. and Gebremariam, A. A. and Usman, M. and Cugini, F. and Stamati, V. and Alitska, M. and Chatzimisios, P.",
	journal = "IEEE Communications Magazine",
	month = "June",
	number = "6",
	pages = "26--34",
	title = "{Software defined and virtualized wireless access in future wireless networks: scenarios and standards}",
	volume = "53",
	year = "2015"
}

@inproceedings{10Virtual_AP,
	author = "Grunenberger, Y. and Rousseau, F.",
	booktitle = "{2010 IEEE Wireless Communication and Networking Conference}",
	month = "April",
	pages = "1--6",
	title = "{Virtual Access Points for Transparent Mobility in Wireless LANs}",
	year = "2010"
}

@inproceedings{08channel_assignement_SIR_WLAN,
	author = "Haidar, M. and Ghimire, R. and Al-Rizzo, H. and Akl, R. and Chan, Yupo",
	booktitle = "{2008 Canadian Conference on Electrical and Computer Engineering}",
	month = "May",
	pages = "001169--001174",
	title = "{Channel assignment in an IEEE 802.11 WLAN based on Signal-To-Interference Ratio}",
	year = "2008"
}

@inproceedings{10CLASS_association_Mesh,
	author = "He, Y. and Perkins, D. and Velaga, S.",
	booktitle = "{2010 INFOCOM IEEE Conference on Computer Communications Workshops}",
	month = "March",
	pages = "1--6",
	title = "{Design and Implementation of CLASS: A Cross-Layer ASSociation Scheme for Wireless Mesh Networks}",
	year = "2010"
}

@article{13centralised_schedule_WLAN,
	author = "Hegde, M. and Kumar, P. and Vasudev, K. R. and Sowmya, N. N. and Anand, S. V. R. and Kumar, A. and Kuri, J.",
	journal = "IEEE/ACM Transactions on Networking",
	month = "April",
	number = "2",
	pages = "648--662",
	title = "{Experiences With a Centralized Scheduling Approach for Performance Management of IEEE 802.11 Wireless LANs}",
	volume = "21",
	year = "2013"
}

@inproceedings{13SAW,
	author = "Herzen, J. and Merz, R. and Thiran, P.",
	booktitle = "{2013 Proceedings IEEE INFOCOM}",
	month = "April",
	pages = "1573--1581",
	title = "{Distributed spectrum assignment for home WLANs}",
	year = "2013"
}

@inproceedings{13SAW2,
	author = "Herzen, Julien and Merz, Ruben and Thiran, Patrick",
	booktitle = "{ACM S3 2013}",
	number = "EPFL-CONF-189777",
	title = "{SAW Spectrum Assignment for WLANs}",
	year = "2013"
}

@inproceedings{03performance_anomaly_DCF,
	author = "Heusse, Martin and Rousseau, Franck and Berger-Sabbatel, Gilles and Duda, Andrzej",
	booktitle = "{INFOCOM 2003. Twenty-Second Annual Joint Conference of the IEEE Computer and Communications. IEEE Societies}",
	organization = "IEEE",
	pages = "836--843",
	title = "{Performance anomaly of 802.11 b}",
	volume = "2",
	year = "2003"
}

@article{05IdleSense,
	address = "New York, NY, USA",
	author = "Heusse, Martin and Rousseau, Franck and Guillier, Romaric and Duda, Andrzej",
	issue_date = "October 2005",
	journal = "SIGCOMM Comput. Commun. Rev.",
	month = aug,
	number = "4",
	numpages = "12",
	pages = "121--132",
	publisher = "ACM",
	title = "{Idle Sense: An Optimal Access Method for High Throughput and Fairness in Rate Diverse Wireless LANs}",
	volume = "35",
	year = "2005"
}

@article{16channel_measurment_AP_selection,
	author = "Hong, Kunho and Kim, Jun Pyo and Kim, Mun-Suk and Lee, SuKyoung",
	journal = "Pervasive and Mobile Computing",
	pages = "58--70",
	title = "{Channel measurement-based access point selection in \{IEEE\} 802.11 \{WLANs\}}",
	volume = "30",
	year = "2016"
}

@inproceedings{11distributed_AP_selection_power,
	author = "Hong, M. and Garcia, A. and Barrera, J.",
	booktitle = "{2011 Proceedings IEEE INFOCOM}",
	month = "April",
	pages = "2516--2524",
	title = "{Joint distributed access point selection and power allocation in cognitive radio networks}",
	year = "2011"
}

@inproceedings{12PICASSO,
	author = "Hong, Steven S. and Mehlman, Jeffrey and Katti, Sachin",
	booktitle = "{Proceedings of the ACM SIGCOMM 2012 Conference on Applications, Technologies, Architectures, and Protocols for Computer Communication}",
	pages = "37--48",
	publisher = "ACM",
	series = "{SIGCOMM '12}",
	title = "{Picasso: Flexible RF and Spectrum Slicing}",
	year = "2012"
}

@article{14proportional_fairness_distributed_multiband,
	author = "Hou, I-Hong and Gupta, Piyush",
	issue_date = "December 2014",
	journal = "IEEE/ACM Trans. Netw.",
	month = dec,
	number = "6",
	numpages = "12",
	pages = "1819--1830",
	publisher = "IEEE Press",
	title = "{Proportionally Fair Distributed Resource Allocation in Multiband Wireless Systems}",
	volume = "22",
	year = "2014"
}

@article{11ditributed_resource_proportional_fairness,
	author = "Hou, I{-}Hong and Gupta, Piyush",
	journal = "CoRR",
	title = "{Distributed Resource Allocation for Proportional Fairness in Multi-Band Wireless Systems}",
	volume = "abs/1102.2553",
	year = "2011"
}

@inproceedings{07adaptive_AP_selection,
	author = "Hsieh, I-Ping and Chang, Fu-Min and Kao, Shang-Juh",
	booktitle = "{Proceedings of the Fourth IASTED Asian Conference on Communication Systems and Networks}",
	numpages = "5",
	pages = "218--222",
	publisher = "ACTA Press",
	series = "{AsiaCSN '07}",
	title = "{Adaptive Access Points Selection for 802.11 Wireless Networks}",
	year = "2007"
}

@inproceedings{15AP_association_MIMO,
	author = "Hsu, Y. C. and Lin, K. C. J. and Chen, W. T.",
	booktitle = "{2015 IEEE International Conference on Communications (ICC)}",
	month = "June",
	pages = "2154--2159",
	title = "{Client-AP association for multiuser MIMO networks}",
	year = "2015"
}

@inproceedings{15WIFI_agressive_scan,
	author = "Hu, Xueheng and Song, Lixing and {Van Bruggen}, Dirk and Striegel, Aaron",
	booktitle = "{Proceedings of the 2015 Internet Measurement Conference}",
	pages = "317--323",
	publisher = "ACM",
	series = "{IMC '15}",
	title = "{Is There WiFi Yet?: How Aggressive Probe Requests Deteriorate Energy and Throughput}",
	year = "2015"
}

@article{14throughput_optimisation_AP_association_interefrence,
	author = "Hung, Ka-Lok and Bensaou, Brahim",
	issue_date = "January, 2014",
	journal = "Ad Hoc Netw.",
	month = jan,
	numpages = "15",
	pages = "115--129",
	publisher = "Elsevier Science Publishers B. V.",
	title = "{Throughput Optimization in Wireless Local Networks with inter-AP Interference via a Joint-association Control, Rate Control, and Contention Resolution}",
	volume = "12",
	year = "2014"
}

@article{11tcp_performance_multi_cell_wlan,
	author = "Hung, Ka-Lok and Bensaou, Brahim",
	journal = "Performance Evaluation",
	note = "Special Issue: Advances in Wireless and Mobile Networks",
	number = "9",
	pages = "806--824",
	title = "{\{TCP\} performance optimization in multi-cell \{WLANs\}}",
	volume = "68",
	year = "2011"
}

@article{08load_balancing_QOS,
	author = "Jabri, Issam and Krommenacker, Nicolas and Divoux, Thierry and Soudani, Adel",
	journal = "International Journal of Wireless Information Networks",
	number = "1",
	pages = "16--30",
	publisher = "Springer",
	title = "{IEEE 802.11 load balancing: an approach for QoS enhancement}",
	volume = "15",
	year = "2008"
}

@inproceedings{10trafic_aware_decentralised_AP_selection,
	author = "w. Jang, J. and s. Lim, Y. and k. Kim, C.",
	booktitle = "{2010 The 12th International Conference on Advanced Communication Technology (ICACT)}",
	month = "Feb",
	pages = "278--283",
	title = "{Traffic-aware decentralized AP selection for multi-rate in WLANs}",
	volume = "1",
	year = "2010"
}

@inproceedings{06practical_queue_based_AP_association,
	author = "Jardosh, Amit P and Mittal, Kimaya and Ramachandran, Krishna N and Belding, Elizabeth M and Almeroth, Kevin C",
	booktitle = "{Proceedings of the 12th annual international conference on Mobile computing and networking}",
	organization = "ACM",
	pages = "158--169",
	title = "{IQU: practical queue-based user association management for WLANs}",
	year = "2006"
}

@inproceedings{05proportional_fairness_WLAN,
	author = "Jiang, Li Bin and Liew, Soung Chang",
	booktitle = "{IEEE Wireless Communications and Networking Conference, 2005}",
	month = "March",
	pages = "1551--1556 Vol. 3",
	title = "{Proportional fairness in wireless LANs and ad hoc networks}",
	volume = "3",
	year = "2005"
}

@inproceedings{14channel_selection_regression,
	author = "Kajita, S. and Yamaguchi, H. and Higashino, T. and Umehara, S. and Saitou, F. and Urayama, H. and Yamada, M. and Maeno, T. and Kaneda, S. and Takai, M.",
	booktitle = "{2014 IEEE 10th International Conference on Wireless and Mobile Computing, Networking and Communications (WiMob)}",
	month = "Oct",
	pages = "642--647",
	title = "{A channel selection strategy for WLAN in urban areas by regression analysis}",
	year = "2014"
}

@inproceedings{08FatVAP_aggregate_AP_backhaul_capacity,
	author = "Kandula, Srikanth and Lin, Kate Ching-Ju and Badirkhanli, Tural and Katabi, Dina",
	booktitle = "{Proceedings of the 5th USENIX Symposium on Networked Systems Design and Implementation}",
	pages = "89--104",
	publisher = "USENIX Association",
	series = "{NSDI'08}",
	title = "{FatVAP: Aggregating AP Backhaul Capacity to Maximize Throughput}",
	year = "2008"
}

@inproceedings{14optimalAP_INFOCOM,
	author = "Karimi, O. B. and Liu, J. and Rexford, J.",
	booktitle = "{IEEE INFOCOM 2014 - IEEE Conference on Computer Communications}",
	month = "April",
	pages = "1141--1149",
	title = "{Optimal collaborative access point association in wireless networks}",
	year = "2014"
}

@inproceedings{07measurment_self_WIFI,
	author = "Kauffmann, B. and Baccelli, F. and Chaintreau, A. and Mhatre, V. and Papagiannaki, K. and Diot, C.",
	booktitle = "{IEEE INFOCOM 2007 - 26th IEEE International Conference on Computer Communications}",
	month = "May",
	pages = "1451--1459",
	title = "{Measurement-Based Self Organization of Interfering 802.11 Wireless Access Networks}",
	year = "2007"
}

@phdthesis{05self_organisation_interefring_WLAN,
	author = "Kauffmann, Bruno and Baccelli, Fran\c{c}ois and Chaintreau, Augustin and Papagiannaki, Konstantina and Diot, Christophe",
	school = "INRIA",
	title = "{Self organization of interfering 802.11 wireless access networks}",
	year = "2005"
}

@inproceedings{13trigger_based_dynamic_load_balance_virtualised_interface,
	author = "Kawada, M. and Tamai, M. and Yasumoto, K.",
	booktitle = "{2013 IEEE Wireless Communications and Networking Conference (WCNC)}",
	month = "April",
	pages = "1091--1096",
	title = "{A trigger-based dynamic load balancing method for WLANs using virtualized network interfaces}",
	year = "2013"
}

@article{97kelly_elastic_rate,
	author = "Kelly, Frank",
	journal = "European Transactions on Telecommunications",
	number = "1",
	pages = "33--37",
	publisher = "Wiley Subscription Services, Inc., A Wiley Company",
	title = "{Charging and rate control for elastic traffic}",
	volume = "8",
	year = "1997"
}

@inproceedings{11contention_traffic_load_aware_association,
	author = "Keranidis, Stratos and Korakis, Thanasis and Koutsopoulos, Iordanis and Tassiulas, Leandros",
	booktitle = "{Modeling and Optimization in Mobile, Ad Hoc and Wireless Networks (WiOpt), 2011 International Symposium on}",
	organization = "IEEE",
	pages = "334--341",
	title = "{Contention and traffic load-aware association in IEEE 802.11 WLANs: Algorithms and implementation}",
	year = "2011"
}

@inproceedings{17AP_selection_adaptive_CCAT,
	author = "Kim, Yena and Kim, Mun-Suk and Lee, SuKyoung and Griffith, David and Golmie, Nada",
	booktitle = "{Wireless Communications and Networking Conference (WCNC), 2017 IEEE}",
	organization = "IEEE",
	pages = "1--6",
	title = "{AP Selection Algorithm with Adaptive CCAT for Dense Wireless Networks}",
	year = "2017"
}

@inproceedings{07distributed_channel_assignement_multiradio_mesh,
	author = "Ko, B. J. and Misra, V. and Padhye, J. and Rubenstein, D.",
	booktitle = "{2007 IEEE Wireless Communications and Networking Conference}",
	month = "March",
	pages = "3978--3983",
	title = "{Distributed Channel Assignment in Multi-Radio 802.11 Mesh Networks}",
	year = "2007"
}

@inproceedings{10joint_bandwidth_association,
	author = "Ko, Hyeonmok and Shin, Jongmin and Kwak, Dongho and Kim, Cheeha",
	booktitle = "{Local Computer Networks (LCN), 2010 IEEE 35th Conference on}",
	organization = "IEEE",
	pages = "576--581",
	title = "{A joint approach to bandwidth allocation and AP-client association for WLANs}",
	year = "2010"
}

@inproceedings{08AP_assignement_algorithms,
	author = "Koukoutsidis, I. and Siris, V. A.",
	booktitle = "{2008 6th International Symposium on Modeling and Optimization in Mobile, Ad Hoc, and Wireless Networks and Workshops}",
	month = "April",
	pages = "375--383",
	title = "{Access point assignment algorithms in WLANs based on throughput objectives}",
	year = "2008"
}

@article{15load_performance_enhancement,
	author = "Krishan, Ram and Laxmi, Vijay",
	journal = "Procedia Computer Science",
	pages = "493--499",
	publisher = "Elsevier",
	title = "{IEEE 802.11 WLAN Load Balancing for Network Performance Enhancement}",
	volume = "57",
	year = "2015"
}

@article{15platform_wifi_cellular_access,
	author = "Kudo, R. and Takatori, Y. and Abeysekera, B. A. H. S. and Inoue, Y. and Murase, A. and Yamada, A. and Yasuda, H. and Okumura, Y.",
	journal = "IEEE Communications Magazine",
	month = "Nov",
	number = "11",
	pages = "46--53",
	title = "{An advanced Wi-Fi data service platform coupled with a cellular network for future wireless access}",
	volume = "52",
	year = "2014"
}

@inproceedings{05optimal_association_stations,
	author = "Kumar, Anurag and Kumar, Vinod",
	booktitle = "{Proceedings of the National Conference on Communications (NCC)}",
	pages = "1--5",
	title = "{Optimal Association of Stations and APs in an IEEE 802.11 WLAN}",
	year = "2005"
}

@article{10throughput_performance_varible_load,
	author = "Laddomada, M. and Mesiti, F. and Mondin, M. and Daneshgaran, F.",
	journal = "IEEE Transactions on Wireless Communications",
	month = "May",
	number = "5",
	pages = "1594--1607",
	title = "{On the throughput performance of multirate IEEE 802.11 networks with variable-loaded stations: analysis, modeling, and a novel proportional fairness criterion}",
	volume = "9",
	year = "2010"
}

@article{15time_fairness_MAC,
	author = "Le, Y. and Ma, L. and Cheng, W. and Cheng, X. and Chen, B.",
	journal = "IEEE Transactions on Computers",
	month = "Jan",
	number = "1",
	pages = "19--31",
	title = "{A Time Fairness-Based MAC Algorithm for Throughput Maximization in 802.11 Networks}",
	volume = "64",
	year = "2015"
}

@inproceedings{12Maximising_throughput_time_fairness,
	author = "Le, Yuan and Ma, Liran and Cheng, Wei and Cheng, Xiuzhen and Chen, Biao",
	booktitle = "{2012 Proceedings IEEE INFOCOM}",
	month = "March",
	pages = "2911--2915",
	title = "{Maximizing throughput when achieving time fairness in multi-rate wireless LANs}",
	year = "2012"
}

@inproceedings{08available_bandwidth_based_AP_association,
	author = "Lee, Heeyoung and Kim, Seongkwan and Lee, Okhwan and Choi, Sunghyun and Lee, Sung-Ju",
	booktitle = "{Proceedings of the 11th International Symposium on Modeling, Analysis and Simulation of Wireless and Mobile Systems}",
	numpages = "8",
	pages = "132--139",
	publisher = "ACM",
	series = "{MSWiM '08}",
	title = "{Available Bandwidth-based Association in IEEE 802.11 Wireless LANs}",
	year = "2008"
}

@article{16ODCF_makingDCF_optimal,
	author = "Lee, J. and Lee, H. and Yi, Y. and Chong, S. and Knightly, E. W. and Chiang, M.",
	journal = "IEEE/ACM Transactions on Networking",
	month = "June",
	number = "3",
	pages = "1745--1758",
	title = "{Making 802.11 DCF Near-Optimal: Design, Implementation, and Evaluation}",
	volume = "24",
	year = "2016"
}

@inproceedings{06self_managed_distributed_channel_selection,
	author = "Leith, D. J. and Clifford, P.",
	booktitle = "{2006 4th International Symposium on Modeling and Optimization in Mobile, Ad Hoc and Wireless Networks}",
	month = "April",
	pages = "1--9",
	title = "{A Self-Managed Distributed Channel Selection Algorithm for WLANs}",
	year = "2006"
}

@article{10log_convexity,
	author = "Leith, D. J. and Subramanian, V. G. and Duffy, K. R.",
	journal = "IEEE Communications Letters",
	month = "January",
	number = "1",
	pages = "57--59",
	title = "{Log-convexity of rate region in 802.11e WLANs}",
	volume = "14",
	year = "2010"
}

@inproceedings{08proportional_fairness_multiRate_LAN,
	author = "Li, L. and Pal, M. and Yang, Y. R.",
	booktitle = "{IEEE INFOCOM 2008 - The 27th Conference on Computer Communications}",
	month = "April",
	title = "{Proportional Fairness in Multi-Rate Wireless LANs}",
	year = "2008"
}

@article{11proportional_fairness_power_control,
	author = "Li, W. and Cui, Y. and Cheng, X. and Al-Rodhaan, M. A. and Al-Dhelaan, A.",
	journal = "IEEE Transactions on Wireless Communications",
	month = "November",
	number = "11",
	pages = "3784--3792",
	title = "{Achieving Proportional Fairness via AP Power Control in Multi-Rate WLANs}",
	volume = "10",
	year = "2011"
}

@inproceedings{10approximate_optimisation_proportional,
	author = "Li, Wei and Cui, Yong and Wang, Shengling and Cheng, Xiuzhen",
	booktitle = "{International Conference on Wireless Algorithms, Systems, and Applications}",
	organization = "Springer",
	pages = "36--46",
	title = "{Approximate optimization for proportional fair AP association in multi-rate WLANs}",
	year = "2010"
}

@article{14AP_association_multirate_WLAN,
	author = "Li, W. and Wang, S. and Cui, Y. and Cheng, X. and Xin, R. and Al-Rodhaan, M. A. and Al-Dhelaan, A.",
	journal = "IEEE/ACM Transactions on Networking",
	month = "Feb",
	number = "1",
	pages = "191--202",
	title = "{AP Association for Proportional Fairness in Multirate WLANs}",
	volume = "22",
	year = "2014"
}

@inproceedings{15online_channel_select_user_association,
	author = "Lingzhi, W. and Cunqing, H. and Rong, Z. and Rui, N.",
	booktitle = "{2015 IEEE International Conference on Communications (ICC)}",
	month = "June",
	pages = "1571--1576",
	title = "{Online channel selection and user association in high-density WiFi networks}",
	year = "2015"
}

@inproceedings{10indoor_spatial_reuse_directionnal_antenna,
	author = "Liu, Xi and Sheth, Anmol and Kaminsky, Michael and Papagiannaki, Konstantina and Seshan, Srinivasan and Steenkiste, Peter",
	booktitle = "{Proceedings of the Sixteenth Annual International Conference on Mobile Computing and Networking}",
	pages = "209--220",
	publisher = "ACM",
	series = "{MobiCom '10}",
	title = "{Pushing the Envelope of Indoor Wireless Spatial Reuse Using Directional Access Points and Clients}",
	year = "2010"
}

@inproceedings{11multi_rate_AP_selection,
	author = "Liu, Zhihong and Liu, Yaping and Gong, Zhenghu and Chen, Lin",
	booktitle = "{2011 International Conference on Multimedia Technology}",
	month = "July",
	pages = "63--67",
	title = "{A Mutil-Rate Access Point selection policy in IEEE 802.11 WLANs}",
	year = "2011"
}

@inproceedings{14AP_selection_game_mobile_users,
	author = "Liyanage, M. and Chirkova, J. and Gurtov, A.",
	booktitle = "{Proceeding of IEEE International Symposium on a World of Wireless, Mobile and Multimedia Networks 2014}",
	month = "June",
	pages = "1--6",
	title = "{Access Point selection game for mobile wireless users}",
	year = "2014"
}

@article{11localised_AP_selection,
	author = "Lu, Mingming and Wu, Jie",
	issue_date = "August 2011",
	journal = "Wirel. Commun. Mob. Comput.",
	month = aug,
	number = "8",
	pages = "994--1010",
	publisher = "John Wiley and Sons Ltd.",
	title = "{Localized Access Point Selection in Infrastructure Wireless LANs with Performance Guarantee}",
	volume = "11",
	year = "2011"
}

@inproceedings{06using_smart_triggers,
	author = "Mhatre, Vivek and Papagiannaki, Konstantina",
	booktitle = "{Proceedings of the 4th International Conference on Mobile Systems, Applications and Services}",
	location = "Uppsala, Sweden",
	numpages = "14",
	pages = "246--259",
	publisher = "ACM",
	series = "{MobiSys '06}",
	title = "{Using Smart Triggers for Improved User Performance in 802.11 Wireless Networks}",
	year = "2006"
}

@inproceedings{06Optimal_design_high_density_WLAN,
	articleno = "8",
	author = "Mhatre, Vivek P. and Papagiannaki, Konstantina",
	booktitle = "{Proceedings of the 2006 ACM CoNEXT Conference}",
	location = "Lisboa, Portugal",
	pages = "8:1--8:12",
	publisher = "ACM",
	series = "{CoNEXT '06}",
	title = "{Optimal Design of High Density 802.11 WLANs}",
	year = "2006"
}

@inproceedings{07interference_mitigation_power_control,
	author = "Mhatre, V. P. and Papagiannaki, K. and Baccelli, F.",
	booktitle = "{IEEE INFOCOM 2007 - 26th IEEE International Conference on Computer Communications}",
	month = "May",
	pages = "535--543",
	title = "{Interference Mitigation Through Power Control in High Density 802.11 WLANs}",
	year = "2007"
}

@article{05weighted_coloring_channel_assignement_WLAN,
	author = "Mishra, Arunesh and Banerjee, Suman and Arbaugh, William",
	issue_date = "July 2005",
	journal = "SIGMOBILE Mob. Comput. Commun. Rev.",
	month = jul,
	number = "3",
	pages = "19--31",
	publisher = "ACM",
	title = "{Weighted Coloring Based Channel Assignment for WLANs}",
	volume = "9",
	year = "2005"
}

@inproceedings{06client_channel_WLAN,
	author = "Mishra, A. and Brik, V. and Banerjee, S. and Srinivasan, A. and Arbaugh, W.",
	booktitle = "{Proceedings IEEE INFOCOM 2006. 25TH IEEE International Conference on Computer Communications}",
	month = "April",
	pages = "1--12",
	title = "{A Client-Driven Approach for Channel Management in Wireless LANs}",
	year = "2006"
}

@inproceedings{14group_based_RRM,
	author = "Miyamoto, S. and Sampei, S.",
	booktitle = "{2014 XXXIth URSI General Assembly and Scientific Symposium (URSI GASS)}",
	month = "Aug",
	pages = "1--4",
	title = "{Group-based centralized radio resource management strategies in wireless local area networks}",
	year = "2014"
}

@article{10Assesment_EDCA_real_time,
	acmid = "1928683",
	articleno = "29",
	author = "Moraes, Ricardo and Portugal, Paulo and Vasques, Francisco and Cust{\'o}dio, Ricardo F.",
	issue_date = "April 2010",
	journal = "EURASIP J. Wirel. Commun. Netw.",
	month = apr,
	pages = "29:1--29:13",
	publisher = "Hindawi Publishing Corp.",
	title = "{Assessment of the IEEE 802.11e EDCA Protocol Limitations when Dealing with Real-time Communication}",
	volume = "2010",
	year = "2010"
}

@inproceedings{08Design_high_wifi_entreprise,
	author = "Murty, Rohan and Padhye, Jitendra and Chandra, Ranveer and Wolman, Alec and Zill, Brian",
	booktitle = "{Proceedings of the 5th USENIX Symposium on Networked Systems Design and Implementation}",
	pages = "73--88",
	publisher = "USENIX Association",
	series = "{NSDI'08}",
	title = "{Designing High Performance Enterprise Wi-Fi Networks}",
	year = "2008"
}

@inproceedings{10Dyson,
	author = "Murty, Rohan and Padhye, Jitendra and Wolman, Alec and Welsh, Matt",
	booktitle = "{Proceedings of the 2010 USENIX Conference on USENIX Annual Technical Conference}",
	location = "Boston, MA",
	pages = "15--15",
	publisher = "USENIX Association",
	series = "{USENIXATC'10}",
	title = "{Dyson: An Architecture for Extensible Wireless LANs}",
	year = "2010"
}

@inproceedings{08_access_method_proportional_absolute,
	author = "Nassiri, M. and Heusse, M. and Duda, A.",
	booktitle = "{IEEE INFOCOM 2008 - The 27th Conference on Computer Communications}",
	doi = "10.1109/INFOCOM.2008.121",
	issn = "0743-166X",
	keywords = "wireless LAN; wireless channels; IEEE 802.11e standard; enhanced distributed channel access method; idle sense method; wireless LAN; Broadcasting; Communications Society; Degradation; Informatics; Multimedia communication; Quality of service; Telecommunication traffic; Teleconferencing; Throughput; Wireless networks",
	month = "April",
	title = "{A Novel Access Method for Supporting Absolute and Proportional Priorities in 802.11 WLANs}",
	year = "2008"
}

@inproceedings{16Indoor_spatial_reuse_adaptive_antenna,
	author = "Nguyen, Danh H. and Paatelma, Anton and Saarnisaari, Harri and Kandasamy, Nagarajan and Dandekar, Kapil R.",
	booktitle = "{Proceedings of the Tenth ACM International Workshop on Wireless Network Testbeds, Experimental Evaluation, and Characterization}",
	numpages = "2",
	pages = "81--82",
	publisher = "ACM",
	series = "{WiNTECH '16}",
	title = "{Enhancing Indoor Spatial Reuse Through Adaptive Antenna Beamsteering: Demo}",
	year = "2016"
}

@inproceedings{16SDR_directionnal_channel,
	author = "Nguyen, Danh H. and Paatelma, Anton and Saarnisaari, Harri and Kandasamy, Nagarajan and Dandekar, Kapil R.",
	booktitle = "{Proceedings of the Tenth ACM International Workshop on Wireless Network Testbeds, Experimental Evaluation, and Characterization}",
	pages = "57--64",
	publisher = "ACM",
	series = "{WiNTECH '16}",
	title = "{Enabling Synchronous Directional Channel Access on SDRs for Spectrum Sharing Applications}",
	year = "2016"
}

@inproceedings{98Beamforming_effectivness,
	author = "Okamoto, G. and Jeng, Shiann-Shiun and Tseng, Stone and Xu, Guanghan",
	booktitle = "{Vehicular Technology Conference, 1998. VTC 98. 48th IEEE}",
	month = "May",
	pages = "1675--1679 vol.3",
	title = "{Evaluation of beamforming algorithm effectiveness for the smart wireless LAN system}",
	volume = "3",
	year = "1998"
}

@article{15AP_selection_coordination,
	author = "Oni, Phillip",
	publisher = "Canadian theses",
	title = "{Access Point Association Coordination in Densely Deployed 802.11 Wireless Networks}",
	year = "2015"
}

@inproceedings{17decentralised_AP_selection,
	author = "Oni, P. B. and Blostein, S. D.",
	booktitle = "{2017 International Conference on Computing, Networking and Communications (ICNC)}",
	month = "Jan",
	pages = "13--18",
	title = "{Decentralized AP selection in large-scale wireless LANs considering multi-AP interference}",
	year = "2017"
}

@inproceedings{15AP_association_CCA,
	author = "Oni, P. B. and Blostein, S. D.",
	booktitle = "{2015 IEEE Globecom Workshops (GC Wkshps)}",
	month = "Dec",
	pages = "1--6",
	title = "{AP Association Optimization and CCA Threshold Adjustment in Dense WLANs}",
	year = "2015"
}

@inproceedings{01dynamic_loadBalanceWLAN,
	author = "Papanikos, Ioannis and Logothetis, Michael",
	booktitle = "{in COMCON 2001}",
	title = "{A study on dynamic load balance for ieee 802.11b wireless lan}",
	year = "2001"
}

@article{16rigourous_practical_proportional_fair_AP,
	author = "Patras, Paul and Garcia-Saavedra, Andr{\'e}s and Malone, David and Leith, Douglas J.",
	journal = "Ad Hoc Networks",
	pages = "21--34",
	title = "{Rigorous and practical proportional-fair allocation for multi-rate Wi-Fi}",
	volume = "36, Part 1",
	year = "2016"
}

@inproceedings{15COAP,
	author = "Patro, A. and Banerjee, S.",
	booktitle = "{2015 IEEE Conference on Computer Communications (INFOCOM)}",
	month = "April",
	pages = "1454--1462",
	title = "{Outsourcing coordination and management of home wireless access points through an open API}",
	year = "2015"
}

@inproceedings{13home_wifi_experince,
	author = "Patro, Ashish and Govindan, Srinivas and Banerjee, Suman",
	booktitle = "{Proceedings of the 19th Annual International Conference on Mobile Computing \&\#38; Networking}",
	pages = "339--350",
	publisher = "ACM",
	series = "{MobiCom '13}",
	title = "{Observing Home Wireless Experience Through WiFi APs}",
	year = "2013"
}

@article{13outsourcing_AP_cloud_API,
	author = "Patro, Ashish and Govindan, Srinivas and Banerjee, Suman",
	journal = "Traffic (in Mbps)",
	pages = "4",
	title = "{Outsourcing home AP management to the cloud through an open API}",
	volume = "2",
	year = "2013"
}

@article{17why_Long_WIFI_Connect,
	author = "Pei, Changhua and Wang, Zhi and Zhao, Youjian and Wang, Zihan and Meng, Yuan and Pei, Dan and Peng, Yuanquan and Tang, Wenliang and Qu, Xiaodong",
	journal = "CoRR",
	title = "{Why It Takes So Long to Connect to a WiFi Access Point}",
	volume = "abs/1701.02528",
	year = "2017"
}

@article{09adjacent_channel_interference_allocation,
	author = "Raman, Vijay and Vaidya, Nitin H",
	journal = "Coordinated Science Laboratory, University of Illinois at Urbana-Champaign, Tech. Rep",
	title = "{Adjacent channel interference reduction in multichannel wireless networks using intelligent channel allocation}",
	year = "2009"
}

@inproceedings{14load_handoff_SDN,
	author = "Rangisetti, Anil Kumar and Baldaniya, Hardik Bhopabhai and Kumar, Pradeep and Tamma, Bheemarjuna Reddy",
	booktitle = "{Wireless and Mobile Computing, Networking and Communications (WiMob), 2014 IEEE 10th International Conference on}",
	organization = "IEEE",
	pages = "685--690",
	title = "{Load-aware hand-offs in software defined wireless LANs}",
	year = "2014"
}

@inproceedings{16centralised_framework_AP_selection_fittingness_factor,
	author = "Raschell{\`a}, A. and Bouhafs, F. and Seyedebrahimi, M. and Mackay, M. and Shi, Q.",
	booktitle = "{2016 23rd International Conference on Telecommunications (ICT)}",
	month = "May",
	pages = "1--5",
	title = "{A centralized framework for smart access point selection based on the Fittingness Factor}",
	year = "2016"
}

@article{17QOS_AP_selection,
	author = "Raschella, A. and Bouhafs, F. and Seyedebrahimi, M. and Mackay, M. and Shi, Q.",
	journal = "IEEE Transactions on Network and Service Management",
	number = "99",
	pages = "1--1",
	title = "{Quality of Service Oriented Access Point Selection Framework for Large Wi-Fi Networks}",
	volume = "PP",
	year = "2017"
}

@inproceedings{13Odin_poster,
	author = "Riggio, R. and Sengul, C. and Suresh, L. and Schulz--zander, J. and Feldmann, A.",
	booktitle = "{2013 IEEE Conference on Computer Communications Workshops (INFOCOM WKSHPS)}",
	month = "April",
	pages = "21--22",
	title = "{Thor: Energy programmable WiFi networks}",
	year = "2013"
}

@inproceedings{05frequancy_allocation_graph_coloring,
	author = "Riihijarvi, Janne and Petrova, Marina and Mahonen, Petri",
	booktitle = "{Proceedings of the Second Annual Conference on Wireless On-demand Network Systems and Services}",
	pages = "216--222",
	publisher = "IEEE Computer Society",
	series = "{WONS '05}",
	title = "{Frequency Allocation for WLANs Using Graph Colouring Techniques}",
	year = "2005"
}

@inproceedings{07Traffic_channel_assignment_WLAN,
	author = "Rozner, E. and Mehta, Y. and Akella, A. and Qiu, L.",
	booktitle = "{2007 IEEE International Conference on Network Protocols}",
	month = "Oct",
	pages = "133--143",
	title = "{Traffic-Aware Channel Assignment in Enterprise Wireless LANs}",
	year = "2007"
}

@article{13hotspot_RUCKUS,
	author = "RUCKUS",
	journal = "RUCKUS white paper",
	month = "July",
	title = "{Hotspot 2.0 Making WIFI as easy to use and secure as cellular}",
	year = "2013"
}

@inproceedings{15coordinate_dynamic_spectrum_LTE_WIFI,
	author = "Sagari, S. and Baysting, S. and Saha, D. and Seskar, I. and Trappe, W. and Raychaudhuri, D.",
	booktitle = "{2015 IEEE International Symposium on Dynamic Spectrum Access Networks (DySPAN)}",
	month = "Sept",
	pages = "209--220",
	title = "{Coordinated dynamic spectrum management of LTE-U and Wi-Fi networks}",
	year = "2015"
}

@inproceedings{15OpenSDWN_home_entreprise_WIFI,
	articleno = "16",
	author = "Schulz-Zander, Julius and Mayer, Carlos and Ciobotaru, Bogdan and Schmid, Stefan and Feldmann, Anja",
	booktitle = "{Proceedings of the 1st ACM SIGCOMM Symposium on Software Defined Networking Research}",
	pages = "16:1--16:12",
	publisher = "ACM",
	series = "{SOSR '15}",
	title = "{OpenSDWN: Programmatic Control over Home and Enterprise WiFi}",
	year = "2015"
}

@inproceedings{14Odin:Programmatic_Orchestration_WiFi,
	author = "Schulz-Zander, Julius and Suresh, Lalith and Sarrar, Nadi and Feldmann, Anja and H{\"u}hn, Thomas and Merz, Ruben",
	booktitle = "{2014 USENIX Annual Technical Conference (USENIX ATC 14)}",
	pages = "347--358",
	publisher = "USENIX Association",
	title = "{Programmatic Orchestration of WiFi Networks}",
	year = "2014"
}

@inproceedings{16VALI_SDN,
	author = "Senapathi, Sivaprakash and Foukas, Xenofon and Marina, Mahesh K.",
	booktitle = "{Proceedings of the 22Nd Annual International Conference on Mobile Computing and Networking}",
	numpages = "2",
	pages = "443--444",
	publisher = "ACM",
	series = "{MobiCom '16}",
	title = "{VALI -- an SDN-based Management Framework for Public Wireless LANs: Poster}",
	year = "2016"
}

@article{17building_SDN_entreprise_virtual_AP,
	author = "Sequeira, L. and de la Cruz, J. L. and Ruiz-Mas, J. and Saldana, J. and Fernandez-Navajas, J. and Almodovar, J.",
	journal = "IEEE Communications Letters",
	month = "Feb",
	number = "2",
	pages = "374--377",
	title = "{Building an SDN Enterprise WLAN Based on Virtual APs}",
	volume = "21",
	year = "2017"
}

@inproceedings{16SDN_based_channel_assignement,
	author = "Seyedebrahimi, M. and Bouhafs, F. and Raschell{\`a}, A. and Mackay, M. and Shi, Q.",
	booktitle = "{2016 European Conference on Networks and Communications (EuCNC)}",
	month = "June",
	pages = "128--132",
	title = "{SDN-based channel assignment algorithm for interference management in dense Wi-Fi networks}",
	year = "2016"
}

@inproceedings{16centralised_wifi_manegement,
	author = "Seyedebrahimi, Mirghiasaldin and Raschell{\`a}, Alessandro and Bouhafs, Faycal and Mackay, Michael and Shi, Qi and Eiza, Mahmoud Hashem",
	booktitle = "{Standards for Communications and Networking (CSCN), 2016 IEEE Conference on}",
	organization = "IEEE",
	pages = "1--6",
	title = "{A centralised Wi-Fi management framework for D2D communications in dense Wi-Fi networks}",
	year = "2016"
}

@article{07Multihoming_users_AP_population_game,
	author = "Shakkottai, S. and Altman, E. and Kumar, A.",
	journal = "IEEE Journal on Selected Areas in Communications",
	month = "August",
	number = "6",
	pages = "1207--1215",
	title = "{Multihoming of Users to Access Points in WLANs: A Population Game Perspective}",
	volume = "25",
	year = "2007"
}

@inproceedings{06non_coopretaive_multihoming_users_AP,
	author = "Shakkottai, S. and Altman, E. and Kumar, A.",
	booktitle = "{Proceedings IEEE INFOCOM 2006. 25TH IEEE International Conference on Computer Communications}",
	month = "April",
	pages = "1--12",
	title = "{The Case for Non-Cooperative Multihoming of Users to Access Points in IEEE 802.11 WLANs}",
	year = "2006"
}

@article{15Node_throughput_enhencement_wifi,
	author = "Shin, K. and Park, I. and Hong, J. and Har, D. and h. Cho, D.",
	journal = "IEEE Communications Magazine",
	month = "January",
	number = "1",
	pages = "118--125",
	title = "{Per-node throughput enhancement in Wi-Fi densenets}",
	volume = "53",
	year = "2015"
}

@article{93general_assignment_approximation,
	author = "Shmoys, David B and Tardos, {\'E}va",
	journal = "Mathematical programming",
	number = "1-3",
	pages = "461--474",
	publisher = "Springer",
	title = "{An approximation algorithm for the generalized assignment problem}",
	volume = "62",
	year = "1993"
}

@inproceedings{09CENTAUR,
	author = "Shrivastava, Vivek and Ahmed, Nabeel and Rayanchu, Shravan and Banerjee, Suman and Keshav, Srinivasan and Papagiannaki, Konstantina and Mishra, Arunesh",
	booktitle = "{Proceedings of the 15th Annual International Conference on Mobile Computing and Networking}",
	location = "Beijing, China",
	pages = "297--308",
	publisher = "ACM",
	series = "{MobiCom '09}",
	title = "{CENTAUR: Realizing the Full Potential of Centralized Wlans Through a Hybrid Data Path}",
	year = "2009"
}

@inproceedings{11PIE_sky,
	author = "Shrivastava, Vivek and Rayanchu, Shravan and Banerjee, Suman and Papagiannaki, Konstantina",
	booktitle = "{Proceedings of the 8th USENIX Conference on Networked Systems Design and Implementation}",
	pages = "337--350",
	publisher = "USENIX Association",
	series = "{NSDI'11}",
	title = "{PIE in the Sky: Online Passive Interference Estimation for Enterprise WLANs}",
	year = "2011"
}

@inproceedings{07AP_selection_improving_througput_fairness,
	author = "Siris, V. A. and Evaggelatou, D.",
	booktitle = "{2007 10th IFIP/IEEE International Symposium on Integrated Network Management}",
	month = "May",
	pages = "469--477",
	title = "{Access Point Selection for Improving Throughput Fairness in Wireless LANs}",
	year = "2007"
}

@inproceedings{06Optimal_CWmin_Selection,
	address = "New York, NY, USA",
	author = "Siris, Vasilios A. and Stamatakis, George",
	booktitle = "{Proceedings of the 1st International Workshop on Wireless Network Testbeds, Experimental Evaluation \& Characterization}",
	location = "Los Angeles, CA, USA",
	numpages = "8",
	pages = "41--48",
	publisher = "ACM",
	series = "{WiNTECH '06}",
	title = "{Optimal CWmin Selection for Achieving Proportional Fairness in Multi-rate 802.11e WLANs: Test-bed Implementation and Evaluation}",
	year = "2006"
}

@article{15AP_selection_game_correlated_equilibrium,
	author = "Sohn, Insoo",
	journal = "PLOS ONE",
	month = "03",
	number = "3",
	pages = "1--13",
	title = "{Access Point Selection Game with Mobile Users Using Correlated Equilibrium}",
	volume = "10",
	year = "2015"
}

@article{09dynamic_association_load_balancing,
	author = "Son, Kyuho and Chong, Song and {De Veciana}, Gustavo",
	journal = "IEEE Transactions on Wireless Communications",
	number = "7",
	publisher = "IEEE",
	title = "{Dynamic association for load balancing and interference avoidance in multi-cell networks}",
	volume = "8",
	year = "2009"
}

@inproceedings{15dynamic_AP_association_SDN,
	author = "Sood, K. and Liu, S. and Yu, S. and Xiang, Y.",
	booktitle = "{2015 International Telecommunication Networks and Applications Conference (ITNAC)}",
	month = "Nov",
	pages = "226--231",
	title = "{Dynamic access point association using Software Defined Networking}",
	year = "2015"
}

@inproceedings{11Concurent_wifi_mobile_users,
	articleno = "4",
	author = "Soroush, Hamed and Gilbert, Peter and Banerjee, Nilanjan and Levine, Brian Neil and Corner, Mark and Cox, Landon",
	booktitle = "{Proceedings of the Seventh COnference on Emerging Networking EXperiments and Technologies}",
	pages = "4:1--4:12",
	publisher = "ACM",
	series = "{CoNEXT '11}",
	title = "{Concurrent Wi-Fi for Mobile Users: Analysis and Measurements}",
	year = "2011"
}

@article{09CAPWAP,
	author = "Stanley, Dorothy and Calhoun, Pat and Montemurro, Michael",
	title = "{Control and provisioning of wireless access points (CAPWAP) protocol specification}",
	year = "2009"
}

@article{16improving_AP_association_channel_utilisation_adaptive_probing,
	author = "Sun, T. and Zhang, Y. and Trappe, W.",
	journal = "IEEE Transactions on Mobile Computing",
	month = "May",
	number = "5",
	pages = "1157--1167",
	title = "{Improving Access Point Association Protocols Through Channel Utilization and Adaptive Probing}",
	volume = "15",
	year = "2016"
}

@inproceedings{11AP_association_channel_switching,
	author = "Sun, T. and Zhang, Y. and Trappe, W.",
	booktitle = "{2011 IEEE Eighth International Conference on Mobile Ad-Hoc and Sensor Systems}",
	month = "Oct",
	pages = "155--157",
	title = "{Improving Access Point Association Protocols through Channel Utilization and Adaptive Switching}",
	year = "2011"
}

@inproceedings{06need_cross_layer_AP_selection_algo,
	author = "Sundaresan, Karthikeyan and Papagiannaki, Konstantina",
	booktitle = "{Proceedings of the 6th {ACM} {SIGCOMM} Internet Measurement Conference, {IMC} 2006, Rio de Janeriro, Brazil, October 25-27, 2006}",
	pages = "257--262",
	title = "{The need for cross-layer information in access point selection algorithms}",
	year = "2006"
}

@inproceedings{12ODIN_demo,
	author = "Suresh, Lalith and Schulz-Zander, Julius and Merz, Ruben and Feldmann, Anja",
	booktitle = "{Proceedings of the ACM SIGCOMM 2012 Conference on Applications, Technologies, Architectures, and Protocols for Computer Communication}",
	pages = "279--280",
	publisher = "ACM",
	series = "{SIGCOMM '12}",
	title = "{Demo: Programming Enterprise WLANs with Odin}",
	year = "2012"
}

@inproceedings{12ODIN_entreprise_LAN,
	author = "Suresh, Lalith and Schulz-Zander, Julius and Merz, Ruben and Feldmann, Anja and Vazao, Teresa",
	booktitle = "{Proceedings of the First Workshop on Hot Topics in Software Defined Networks}",
	pages = "115--120",
	publisher = "ACM",
	series = "{HotSDN '12}",
	title = "{Towards Programmable Enterprise WLANS with Odin}",
	year = "2012"
}

@inproceedings{06AP_slection_strategy_IEEE11_E,
	author = "Takeuchi, S. and Sezaki, K. and Yasuda, Y.",
	booktitle = "{IEEE Wireless Communications and Networking Conference, 2006. WCNC 2006.}",
	pages = "914--919",
	title = "{Access point selection strategy in IEEE802.11e WLAN networks}",
	volume = "2",
	year = "2006"
}

@inproceedings{04time_based_fairness_multirate_WLAN,
	author = "Tan, Godfrey and Guttag, John",
	booktitle = "{Proceedings of the Annual Conference on USENIX Annual Technical Conference}",
	location = "Boston, MA",
	pages = "23--23",
	publisher = "USENIX Association",
	series = "{ATEC '04}",
	title = "{Time-based Fairness Improves Performance in Multi-rate WLANs}",
	year = "2004"
}

@article{16throughput_optimisation_association_bandwidth,
	author = "Tang, Heyi and Yang, Liu and Dong, Jiang and Ou, Zhonghong and Cui, Yong and Wu, Jianping",
	journal = "Mobile Networks and Applications",
	number = "3",
	pages = "453--466",
	title = "{Throughput Optimization via Association Control in Wireless LANs}",
	volume = "21",
	year = "2016"
}

@inproceedings{10potential_throughput_AP_selection,
	author = "Tang, Suhua and Taniguchi, Noriyuki and Shagdar, Oyunchimeg and Tamai, Morihiko and Yomo, Hiroyuki and Hasegawa, Akio and Ueda, Tetsuro and Miura, Ryu and Obana, Sadao",
	booktitle = "{Communications (APCC), 2010 16th Asia-Pacific Conference on}",
	organization = "IEEE",
	pages = "470--475",
	title = "{Potential throughput based access point selection}",
	year = "2010"
}

@inproceedings{05facilitating_AP_selection,
	author = "Vasudevan, S. and Papagiannaki, K. and Diot, C. and Kurose, J. and Towsley, D.",
	booktitle = "{Proceedings of the 5th ACM SIGCOMM Conference on Internet Measurement}",
	location = "Berkeley, CA",
	numpages = "1",
	pages = "26--26",
	publisher = "USENIX Association",
	series = "{IMC '05}",
	title = "{Facilitating Access Point Selection in IEEE 802.11 Wireless Networks}",
	year = "2005"
}

@article{13adaptive_proportional_fairness,
	author = "Wang, Shaowei and Huang, Fangjiang and Wang, Chonggang",
	journal = "Wireless Networks",
	number = "3",
	pages = "273--284",
	title = "{Adaptive proportional fairness resource allocation for OFDM-based cognitive radio networks}",
	volume = "19",
	year = "2013"
}

@inproceedings{04Intelligent_resource_management,
	author = "Wang, Y. and Cuthbert, L. G. and Bigham, J.",
	booktitle = "{IEEE Wireless Communications and Networking Conference}",
	month = "March",
	pages = "1365--1370 Vol.3",
	title = "{Intelligent radio resource management for IEEE 802.11 WLAN}",
	volume = "3",
	year = "2004"
}

@inproceedings{09achieving_effeciency_fairness_vehicular,
	author = "Xie, Lei and Li, Qun and Mao, Weizhen and Wu, Jie and Chen, Daoxu",
	booktitle = "{Network Protocols, 2009. ICNP 2009. 17th IEEE International Conference on}",
	organization = "IEEE",
	pages = "324--333",
	title = "{Achieving efficiency and fairness for association control in vehicular networks}",
	year = "2009"
}

@inproceedings{10Practical_AP_Association,
	author = "Xu, F. and Tan, C. C. and Li, Q. and Yan, G. and Wu, J.",
	booktitle = "{2010 Proceedings IEEE INFOCOM}",
	month = "March",
	pages = "1--9",
	title = "{Designing a Practical Access Point Association Protocol}",
	year = "2010"
}

@article{13smartAssoc,
	author = "Xu, F. and Zhu, X. and Tan, C. C. and Li, Q. and Yan, G. and Wu, J.",
	journal = "IEEE Transactions on Parallel and Distributed Systems",
	month = "Dec",
	number = "12",
	pages = "2482--2491",
	title = "{SmartAssoc: Decentralized Access Point Selection Algorithm to Improve Throughput}",
	volume = "24",
	year = "2013"
}

@inproceedings{11channel_Association_game,
	author = "Xu, W. and Hua, C. and Huang, A.",
	booktitle = "{2011 IEEE International Conference on Communications (ICC)}",
	month = "June",
	pages = "1--5",
	title = "{Channel Assignment and User Association Game in Dense 802.11 Wireless Networks}",
	year = "2011"
}

@inproceedings{10game_load_balancing_association,
	author = "Xu, Wenchao and Hua, Cunqing and Huang, Aiping",
	booktitle = "{Global Telecommunications Conference (GLOBECOM 2010), 2010 IEEE}",
	organization = "IEEE",
	pages = "1--5",
	title = "{A game theoretical approach for load balancing user association in 802.11 wireless networks}",
	year = "2010"
}

@article{13sociality_aware_AP_slection,
	author = "Xue, G. and He, Q. and Zhu, H. and He, T. and Liu, Y.",
	journal = "IEEE Transactions on Parallel and Distributed Systems",
	month = "Oct",
	number = "10",
	pages = "2069--2078",
	title = "{Sociality-Aware Access Point Selection in Enterprise Wireless LANs}",
	volume = "24",
	year = "2013"
}

@inproceedings{15Demand_aware_load_balance_WLAN,
	author = "Yang, L. and Cui, Y. and Tang, H. and Xiao, S.",
	booktitle = "{2015 IEEE Global Communications Conference (GLOBECOM)}",
	month = "Dec",
	pages = "1--6",
	title = "{Demand-Aware Load Balancing in Wireless LANs Using Association Control}",
	year = "2015"
}

@article{15survey_SDWN,
	author = "Yang, Mao and Li, Yong and Jin, Depeng and Zeng, Lieguang and Wu, Xin and Vasilakos, Athanasios V.",
	journal = "CoRR",
	title = "{Software-Defined and Virtualized Future Mobile and Wireless Networks: {A} Survey}",
	volume = "abs/1409.0079",
	year = "2014"
}

@inproceedings{15AP_selection_multirate,
	author = "Yang, Shicong and Krishnan, Michael and Zakhor, Avideh",
	booktitle = "{Global Communications Conference (GLOBECOM), 2015 IEEE}",
	organization = "IEEE",
	pages = "1--7",
	title = "{Access Point Selection for Multi-Rate IEEE 802.11 Wireless LANs}",
	year = "2015"
}

@article{11stability_fairness_APselection_game,
	author = "Yen, L. H. and Li, J. J. and Lin, C. M.",
	journal = "IEEE Transactions on Vehicular Technology",
	month = "March",
	number = "3",
	pages = "1150--1160",
	title = "{Stability and Fairness of AP Selection Games in IEEE 802.11 Access Networks}",
	volume = "60",
	year = "2011"
}

@article{09load_balancing_WLAN,
	author = "Yen, L. H. and Yeh, T. T. and Chi, K. H.",
	journal = "IEEE Internet Computing",
	month = "Jan",
	number = "1",
	pages = "56--64",
	title = "{Load Balancing in IEEE 802.11 Networks}",
	volume = "13",
	year = "2009"
}

@inproceedings{05eleminate_performance_anomaly_80211b,
	author = "Yoo, See-hwan and Choi, Jin-Hee and Hwang, Jae-Hyun and Yoo, Chuck",
	booktitle = "{Proceedings of the 4th International Conference on Networking - Volume Part II}",
	pages = "1055--1062",
	publisher = "Springer-Verlag",
	series = "{ICN'05}",
	title = "{Eliminating the Performance Anomaly of 802.11B}",
	year = "2005"
}

@inproceedings{04decentralised_AP_selection_robusteness,
	author = "Yukuda, Y. and Oie, Y.",
	booktitle = "{IEEE 60th Vehicular Technology Conference, 2004. VTC2004-Fall. 2004}",
	month = "Sept",
	pages = "1103--1107 Vol. 2",
	title = "{Decentralized access point selection architecture for wireless LANs eployability and robustness}",
	volume = "2",
	year = "2004"
}

@article{05DIRAC,
	author = "Zerfos, P. and Zhong, G. and Lu, Songwu",
	journal = "IEEE Journal on Selected Areas in Communications",
	month = "June",
	number = "6",
	pages = "1253--1266",
	title = "{A software support infrastructure for wireless access routers}",
	volume = "23",
	year = "2005"
}

@article{16CCI_queuing_model,
	author = "Zhang, Jie and Han, Guangjie and Qian, Yujie",
	journal = "Sensors",
	number = "9",
	pages = "1348",
	publisher = "Multidisciplinary Digital Publishing Institute",
	title = "{Queuing Theory Based Co-Channel Interference Analysis Approach for High-Density Wireless Local Area Networks}",
	volume = "16",
	year = "2016"
}

@article{14leverage_SDN_openFlow_entreprise_WLAN,
	author = "Zhao, Dong and Zhu, Ming and Xu, Ming",
	journal = "JOURNAL OF NETWORKS",
	number = "6",
	pages = "1526--1533",
	title = "{Leveraging SDN and OpenFlow to Mitigate Interference in Enterprise WLAN.}",
	volume = "9",
	year = "2014"
}

@inbook{09throughput_measurment_AP_selection,
	address = "Berlin, Heidelberg",
	author = "Zhao, Yanxiao and Song, Min and Wang, Jun and Park, E. K.",
	booktitle = "{Wireless Algorithms, Systems, and Applications: 4th International Conference, WASA 2009, Boston, MA, USA, August 16-18, 2009. Proceedings}",
	editor = "Liu, Benyuan and Bestavros, Azer and Du, Ding-Zhu and Wang, Jie",
	pages = "509--518",
	publisher = "Springer Berlin Heidelberg",
	title = "{Throughput Measurement-Based Access Point Selection for Multi-rate Wireless LANs}",
	year = "2009"
}

@inproceedings{05channel_proportional_fairness_MIMO,
	author = "Zheng, Dong and Zhang, Junshan",
	booktitle = "{Second International Conference on Quality of Service in Heterogeneous Wired/Wireless Networks (QSHINE'05)}",
	month = "Aug",
	pages = "8 pp.--24",
	title = "{Channel-aware weighted proportional fair medium access control in wireless LANs with MIMO links}",
	year = "2005"
}

@article{11user_centric_management_WLAN,
	author = "Zhu, Y. and Ma, Q. and Bisdikian, C. and Ying, C.",
	journal = "IEEE Transactions on Network and Service Management",
	month = "September",
	number = "3",
	pages = "165--175",
	title = "{User-Centric Management of Wireless LANs}",
	volume = "8",
	year = "2011"
}

@book{17CISCO_mobility_guide,
	owner = "CISCO",
	publisher = "Cisco Systems, Inc.",
	timestamp = "2017.07.17",
	title = "{Enterprise Mobility 8.1 Design Guide}",
	year = "2017"
}

@article{16standard_802.11,
	journal = "IEEE Std 802.11-2016 (Revision of IEEE Std 802.11-2012)",
	month = "Dec",
	pages = "1--3534",
	title = "{IEEE Standard for Information technology--Telecommunications and information exchange between systems Local and metropolitan area networks--Specific requirements - Part 11: Wireless LAN Medium Access Control (MAC) and Physical Layer (PHY) Specifications}",
	year = "2016"
}

@book{cisco802.11ac_white_paper,
	owner = "kafiamine",
	publisher = "CISCO",
	timestamp = "2017.08.29",
	title = "{802.11ac: The Fifth Generation of Wi-Fi, technical white paper}",
	year = "2014"
}

@inproceedings{11efficient_airtime_scheduling,
	author = "Gomez, Karina Mabell and Riggio, Roberto and Rasheed, Tinku and Chlamtac, Imrich",
	booktitle = "{IEEE PIMRC}",
	month = "Sept",
	pages = "930--934",
	title = "{On efficient airtime-based fair link scheduling in IEEE 802.11-based wireless networks.}",
	year = "2011"
}

@inproceedings{19reinforcement_learning,
	author = "Kafi, Mohamed Amine and Mouradian, Alexandre and Veque, Veronique",
	booktitle = "{2019 IEEE Wireless Communications and Networking Conference (WCNC), submitted}",
	pages = "1--7",
	title = "{On-line Client Association Scheme Based on Reinforcement Learning for WLAN Networks}",
	year = "2019"
}

